@article{Amin2013ASolitons,
    title = {{A scattering theory of ultrarelativistic solitons}},
    year = {2013},
    journal = {Physical Review D},
    author = {Amin, Mustafa A. and Lim, Eugene A. and Yang, I-Sheng},
    number = {10},
    month = {11},
    pages = {105024},
    volume = {88},
    publisher = {American Physical Society},
    url = {https://link.aps.org/doi/10.1103/PhysRevD.88.105024},
    doi = {10.1103/PhysRevD.88.105024},
    issn = {1550-7998}
}

@article{Rawashdeh2019AMatrix,
    title = {{A simple method for finding the inverse matrix of vandermonde matrix}},
    year = {2019},
    journal = {Matematicki Vesnik},
    author = {Rawashdeh, E A},
    number = {3},
    pages = {207--213},
    volume = {71},
    issn = {24060682},
    keywords = {Determinant of a matrix, Inverse of a matrix, Vandermonde matrix}
}

@article{Laurent-Gengoux2011Action-angleManifolds,
    title = {{Action-angle coordinates for integrable systems on poisson manifolds}},
    year = {2011},
    journal = {International Mathematics Research Notices},
    author = {Laurent-Gengoux, Camille and Miranda, Eva and Vanhaecke, Pol},
    number = {8},
    pages = {1839--1869},
    volume = {2011},
    url = {https://hal.archives-ouvertes.fr/hal-00292398},
    doi = {10.1093/imrn/rnq130},
    issn = {10737928},
    arxivId = {0805.1679}
}

@book{Miranda1995AlgebraicSurfaces,
    title = {{Algebraic curves and Riemann surfaces}},
    year = {1995},
    author = {Miranda, Rick},
    pages = {390},
    publisher = {American Mathematical Society},
    isbn = {9780821802687}
}

@article{Kovacic1986AnEquations,
    title = {{An algorithm for solving second order linear homogeneous differential equations}},
    year = {1986},
    journal = {Journal of Symbolic Computation},
    author = {Kovacic, Jerald J.},
    number = {1},
    pages = {3--43},
    volume = {2},
    doi = {10.1016/S0747-7171(86)80010-4},
    issn = {07477171}
}

@article{Bazeia2018AnalyticalTails,
    title = {{Analytical study of kinklike structures with polynomial tails}},
    year = {2018},
    journal = {Journal of Physics Communications},
    author = {Bazeia, D and Menezes, R and Moreira, D C},
    number = {5},
    month = {5},
    pages = {055019},
    volume = {2},
    publisher = {IOP Publishing},
    url = {http://stacks.iop.org/2399-6528/2/i=5/a=055019?key=crossref.ec005435cfa97f353c020d058011d493},
    doi = {10.1088/2399-6528/aac3cd},
    issn = {2399-6528}
}

@article{Frolov2017BlackIntegrability,
    title = {{Black holes, hidden symmetries, and complete integrability}},
    year = {2017},
    journal = {ArXiV},
    author = {Frolov, Valeri P. and Krtous, Pavel and Kubiznak, David},
    month = {5},
    url = {http://arxiv.org/abs/1705.05482 http://arxiv.org/abs/1705.05482},
    doi = {10.1007/s41114-017-0009-9},
    arxivId = {1705.05482}
}

@article{Lehtovuori2014Dual-bandLoads,
    title = {{Dual-band matching of arbitrary loads}},
    year = {2014},
    journal = {Microwave and Optical Technology Letters},
    author = {Lehtovuori, Anu and Valkonen, Risto and Valtonen, Martti},
    number = {12},
    pages = {2958--2966},
    volume = {56},
    url = {http://people.phys.ethz.ch/},
    isbn = {0895-2477},
    doi = {10.1002/mop.28747},
    issn = {10982760},
    arxivId = {arXiv:1110.4936v1},
    keywords = {dual band, impedance matching, reactance function, wideband}
}

@article{Audin2000EigenvectorsSystems,
    title = {{Eigenvectors of Lax matrices, spaces of hyperelliptic curves and action coordinates for Moser systems}},
    year = {2000},
    journal = {Regular and Chaotic Dynamics},
    author = {Audin, Michèle},
    number = {1},
    pages = {67--88},
    volume = {5},
    doi = {10.1070/RD2000v005n01ABEH000124},
    issn = {15603547}
}

@book{Kirillov1976ElementsRepresentations,
    title = {{Elements of the Theory of Representations}},
    year = {1976},
    author = {Kirillov, Aleksandr A.},
    pages = {xi+315},
    series = {Grundlehren der mathematischen Wissenschaften},
    volume = {220},
    publisher = {Springer Berlin Heidelberg},
    url = {http://link.springer.com/10.1007/978-3-642-66243-0},
    address = {Berlin, Heidelberg},
    isbn = {978-3-642-66245-4},
    doi = {10.1007/978-3-642-66243-0}
}

@article{Khare2019FamilyTails,
    title = {{Family of potentials with power law kink tails}},
    year = {2019},
    journal = {Journal of Physics A: Mathematical and Theoretical},
    author = {Khare, Avinash and Saxena, Avadh},
    number = {36},
    month = {10},
    volume = {52},
    url = {http://arxiv.org/abs/1810.12907 http://arxiv.org/abs/1810.12907%0Ahttp://dx.doi.org/10.1088/1751-8121/ab30fd},
    doi = {10.1088/1751-8121/ab30fd},
    issn = {17518121},
    arxivId = {1810.12907},
    keywords = {asymptotics, high-order field theories, kink stability, solitons, successive phase transitions}
}

@article{Manton2018ForceTails,
    title = {{Force between Kinks with Long-range Tails}},
    year = {2018},
    author = {Manton, N. S.},
    month = {10},
    url = {http://arxiv.org/abs/1810.00788},
    arxivId = {1810.00788}
}

@article{Manton2019ForcesTails,
    title = {{Forces between kinks and antikinks with long-range tails}},
    year = {2019},
    journal = {Journal of Physics A: Mathematical and Theoretical},
    author = {Manton, N S},
    number = {6},
    month = {2},
    pages = {065401},
    volume = {52},
    publisher = {IOP Publishing},
    url = {http://stacks.iop.org/1751-8121/52/i=6/a=065401?key=crossref.a29a211e39a469b91919a3c0be172595},
    doi = {10.1088/1751-8121/aaf9d1},
    issn = {1751-8113}
}

@article{Anninos1991FractalTheory,
    title = {{Fractal structure in the scalar  {$\lambda$}    (    {$\phi$}   2    − 1 )   2     theory}},
    year = {1991},
    journal = {Physical Review D},
    author = {Anninos, Peter and Oliveira, Samuel and Matzner, Richard A.},
    number = {4},
    month = {8},
    pages = {1147--1160},
    volume = {44},
    publisher = {American Physical Society},
    url = {https://link.aps.org/doi/10.1103/PhysRevD.44.1147},
    doi = {10.1103/PhysRevD.44.1147},
    issn = {0556-2821}
}

@book{vanderPut2003GaloisEquations,
    title = {{Galois Theory of Linear Differential Equations}},
    year = {2003},
    author = {van der Put, Marius and Singer, Michael F.},
    pages = {xviii+438},
    series = {Grundlehren der mathematischen Wissenschaften},
    volume = {328},
    publisher = {Springer-Verlag, Berlin},
    url = {http://link.springer.com/10.1007/978-3-642-55750-7},
    address = {Berlin, Heidelberg},
    isbn = {978-3-642-62916-7},
    doi = {10.1007/978-3-642-55750-7}
}

@incollection{Moser1980GeometryTheory,
    title = {{Geometry of Quadrics and Spectral Theory}},
    year = {1980},
    booktitle = {The Chern Symposium 1979},
    author = {Moser, J.},
    pages = {147--188},
    publisher = {Springer New York},
    doi = {10.1007/978-1-4613-8109-9{\_}7}
}

@article{Gomes2012HighlySolutions,
    title = {{Highly interactive kink solutions}},
    year = {2012},
    journal = {Physical Review D - Particles, Fields, Gravitation and Cosmology},
    author = {Gomes, A. R. and Menezes, R. and Oliveira, J. C.R.E.},
    number = {2},
    month = {8},
    volume = {86},
    url = {http://arxiv.org/abs/1208.4747 http://dx.doi.org/10.1103/PhysRevD.86.025008},
    doi = {10.1103/PhysRevD.86.025008},
    issn = {15507998},
    arxivId = {1208.4747}
}

@article{Disney-Hogg2018ImpactStudy,
    title = {{Impact of atopy on risk of glioma: A Mendelian randomisation study}},
    year = {2018},
    journal = {BMC Medicine},
    author = {Disney-Hogg, Linden and Cornish, Alex J. and Sud, Amit and Law, Philip J. and Kinnersley, Ben and Jacobs, Daniel I. and Ostrom, Quinn T. and Labreche, Karim and Eckel-Passow, Jeanette E. and Armstrong, Georgina N. and Claus, Elizabeth B. and Il'yasova, Dora and Schildkraut, Joellen and Barnholtz-Sloan, Jill S. and Olson, Sara H. and Bernstein, Jonine L. and Lai, Rose K. and Schoemaker, Minouk J. and Simon, Matthias and Hoffmann, Per and N{\"{o}}then, Markus M. and J{\"{o}}ckel, Karl Heinz and Chanock, Stephen and Rajaraman, Preetha and Johansen, Christoffer and Jenkins, Robert B. and Melin, Beatrice S. and Wrensch, Margaret R. and Sanson, Marc and Bondy, Melissa L. and Houlston, Richard S.},
    number = {1},
    volume = {16},
    doi = {10.1186/s12916-018-1027-5},
    issn = {17417015},
    keywords = {Allergy, Cancer, Glioma, Mendelian randomisation, Risk}
}

@article{Benenti1992InertiaSpaces,
    title = {{Inertia tensors and St ackel systems in the Euclidean spaces}},
    year = {1992},
    journal = {Rend. Semin. Mat. Univ. Polit. Torino},
    author = {Benenti, S},
    pages = {315–341},
    volume = {50},
    url = {http://seminariomatematico.dm.unito.it/rendiconti/cartaceo/50-4/315.pdf}
}

@article{Disney-Hogg2018InfluenceArticle,
    title = {{Influence of obesity-related risk factors in the aetiology of glioma /631/67/68 /631/67/2324 article}},
    year = {2018},
    journal = {British Journal of Cancer},
    author = {Disney-Hogg, Linden and Sud, Amit and Law, Philip J. and Cornish, Alex J. and Kinnersley, Ben and Ostrom, Quinn T. and Labreche, Karim and Eckel-Passow, Jeanette E. and Armstrong, Georgina N. and Claus, Elizabeth B. and Il'Yasova, Dora and Schildkraut, Joellen and Barnholtz-Sloan, Jill S. and Olson, Sara H. and Bernstein, Jonine L. and Lai, Rose K. and Swerdlow, Anthony J. and Simon, Matthias and Hoffmann, Per and N{\"{o}}then, Markus M. and J{\"{o}}ckel, Karl Heinz and Chanock, Stephen and Rajaraman, Preetha and Johansen, Christoffer and Jenkins, Robert B. and Melin, Beatrice S. and Wrensch, Margaret R. and Sanson, Marc and Bondy, Melissa L. and Houlston, Richard S.},
    number = {7},
    pages = {1020--1027},
    volume = {118},
    doi = {10.1038/s41416-018-0009-x},
    issn = {15321827}
}

@book{Babelon2003IntroductionSystems,
    title = {{Introduction to Classical Integrable Systems}},
    year = {2003},
    booktitle = {Introduction to Classical Integrable Systems},
    author = {Babelon, Olivier and Bernard, Denis and Talon, Michel},
    month = {4},
    publisher = {Cambridge University Press},
    doi = {10.1017/cbo9780511535024}
}

@techreport{BeisertIntroductionNotes,
    title = {{Introduction to Integrability, Lecture Notes; Introduction to Integrability, Lecture Notes}},
    author = {Beisert, Niklas},
    url = {http://people.phys.ethz.ch/}
}

@article{Heil2016KillingTensors,
    title = {{Killing and conformal Killing tensors}},
    year = {2016},
    journal = {Journal of Geometry and Physics},
    author = {Heil, Konstantin and Moroianu, Andrei and Semmelmann, Uwe},
    pages = {383--400},
    volume = {106},
    institution = {Stuttgart University},
    doi = {10.1016/j.geomphys.2016.04.014},
    issn = {03930440},
    keywords = {Conformal Killing tensors, Killing tensors, Primary, St{\"{a}}ckel tensors}
}

@misc{Hansen2014Killing-YanoTensors,
    title = {{Killing-Yano tensors}},
    year = {2014},
    author = {Hansen, Dennis},
    institution = {University of Copenhagen}
}

@article{Sugiyama1979Kink-AntikinkModel,
    title = {{Kink-Antikink Collisions in the Two-Dimensional  4 Model}},
    year = {1979},
    journal = {Progress of Theoretical Physics},
    author = {Sugiyama, T.},
    number = {5},
    month = {5},
    pages = {1550--1563},
    volume = {61},
    publisher = {Narnia},
    url = {https://academic.oup.com/ptp/article-lookup/doi/10.1143/PTP.61.1550},
    doi = {10.1143/PTP.61.1550},
    issn = {0033-068X}
}

@article{Peyrard1983Kink-antikinkModel,
    title = {{Kink-antikink interactions in a modified sine-Gordon model}},
    year = {1983},
    journal = {Physica D: Nonlinear Phenomena},
    author = {Peyrard, Michel and Campbell, David K.},
    number = {1-2},
    month = {10},
    pages = {33--51},
    volume = {9},
    publisher = {North-Holland},
    url = {https://www.sciencedirect.com/science/article/pii/0167278983902907},
    doi = {10.1016/0167-2789(83)90290-7},
    issn = {0167-2789}
}

@article{Christov2019Kink-KinkTails,
    title = {{Kink-Kink and Kink-Antikink Interactions with Long-Range Tails}},
    year = {2019},
    journal = {Physical Review Letters},
    author = {Christov, Ivan C. and Decker, Robert J. and Demirkaya, A. and Gani, Vakhid A. and Kevrekidis, P. G. and Khare, Avinash and Saxena, Avadh},
    number = {17},
    month = {11},
    volume = {122},
    url = {http://arxiv.org/abs/1811.07872},
    doi = {10.1103/PhysRevLett.122.171601},
    issn = {10797114},
    arxivId = {1811.07872}
}

@article{Gonzalez1989KinksPoints,
    title = {{Kinks in systems with degenerate critical points}},
    year = {1989},
    journal = {Physics Letters A},
    author = {Gonz{\'{a}}lez, Jorge A. and Estrada-Sarlabous, Jorge},
    number = {4},
    month = {9},
    pages = {189--192},
    volume = {140},
    publisher = {North-Holland},
    url = {https://www.sciencedirect.com/science/article/abs/pii/0375960189908918},
    doi = {10.1016/0375-9601(89)90891-8},
    issn = {0375-9601}
}

@article{Christov2019Long-rangeKinks,
    title = {{Long-range interactions of kinks}},
    year = {2019},
    journal = {Physical Review D},
    author = {Christov, Ivan C. and Decker, Robert J. and Demirkaya, A. and Gani, Vakhid A. and Kevrekidis, P. G. and Radomskiy, R. V.},
    number = {1},
    month = {1},
    pages = {016010},
    volume = {99},
    publisher = {American Physical Society},
    url = {https://link.aps.org/doi/10.1103/PhysRevD.99.016010},
    doi = {10.1103/PhysRevD.99.016010},
    issn = {2470-0010}
}

@book{Arnold1989MathematicalMechanics,
    title = {{Mathematical Methods of Classical Mechanics}},
    year = {1989},
    author = {Arnold, V. I.},
    pages = {xvi+516},
    series = {Graduate Texts in Mathematics},
    volume = {60},
    publisher = {Springer New York},
    url = {http://link.springer.com/10.1007/978-1-4757-2063-1},
    address = {New York, NY},
    isbn = {978-1-4419-3087-3},
    doi = {10.1007/978-1-4757-2063-1}
}

@article{Takahashi2019MendelianMeningioma,
    title = {{Mendelian randomization provides support for obesity as a risk factor for meningioma}},
    year = {2019},
    journal = {Scientific Reports},
    author = {Takahashi, Hannah and Cornish, Alex J. and Sud, Amit and Law, Philip J. and Disney-Hogg, Linden and Calvocoressi, Lisa and Lu, Lingeng and Hansen, Helen M. and Smirnov, Ivan and Walsh, Kyle M. and Schramm, Johannes and Hoffmann, Per and N{\"{o}}then, Markus M. and J{\"{o}}ckel, Karl Heinz and Schildkraut, Joellen M. and Simon, Matthias and Bondy, Melissa and Wrensch, Margaret and Wiemels, Joseph L. and Claus, Elizabeth B. and Turnbull, Clare and Houlston, Richard S.},
    number = {1},
    volume = {9},
    doi = {10.1038/s41598-018-36186-6},
    issn = {20452322}
}

@article{Kirillov1999MeritsMethod,
    title = {{Merits and demerits of the orbit method}},
    year = {1999},
    journal = {Bulletin of the American Mathematical Society},
    author = {Kirillov, A. A.},
    number = {4},
    month = {10},
    pages = {433--488},
    volume = {36},
    doi = {10.1090/s0273-0979-99-00849-6},
    issn = {02730979},
    keywords = {Coadjoint orbits, Geometric quantization, Lie groups, Symplectic geometry, Unitary representations}
}

@article{Krichever1996OnTheories,
    title = {{On the integrable geometry of soliton equations and N=2 supersymmetric gauge theories}},
    year = {1996},
    journal = {J.Diff.Geom},
    author = {Krichever, I. M. and Phong, D. H.},
    month = {4},
    url = {http://arxiv.org/abs/hep-th/9604199},
    arxivId = {hep-th/9604199}
}

@article{Rosen1932OnMolecules,
    title = {{On the Vibrations of Polyatomic Molecules}},
    year = {1932},
    journal = {Physical Review},
    author = {Rosen, N. and Morse, Philip M.},
    number = {2},
    month = {10},
    pages = {210--217},
    volume = {42},
    publisher = {American Physical Society},
    url = {https://link.aps.org/doi/10.1103/PhysRev.42.210},
    doi = {10.1103/PhysRev.42.210},
    issn = {0031-899X}
}

@inproceedings{Benenti1993OrthogonalSystems,
    title = {{Orthogonal separable dynamical systems}},
    year = {1993},
    booktitle = {Differential Geometry and Its Applications},
    author = {Benenti, S},
    pages = {163--184},
    url = {http://www.emis.de/proceedings/.},
    organization = {Silesian University}
}

@article{Benenti2002RemarksConditions,
    title = {{Remarks on the connection between the additive separation of the Hamilton-Jacobi equation and the multiplicative separation of the Schr{\"{o}}dinger equation. I: The completeness and Robertson conditions}},
    year = {2002},
    journal = {Journal of Mathematical Physics},
    author = {Benenti, S and Chanu, C. and Rastelli, G},
    number = {11},
    pages = {5183--5222},
    volume = {43},
    url = {https://doi.org/10.1063/1.1506180},
    doi = {10.1063/1.1506180},
    issn = {00222488}
}

@article{Campbell1983ResonanceTheory,
    title = {{Resonance structure in kink-antikink interactions in {$\phi$}4 theory}},
    year = {1983},
    journal = {Physica D: Nonlinear Phenomena},
    author = {Campbell, David K. and Schonfeld, Jonathan F. and Wingate, Charles A.},
    number = {1-2},
    month = {10},
    pages = {1--32},
    volume = {9},
    publisher = {North-Holland},
    url = {https://www.sciencedirect.com/science/article/pii/0167278983902890},
    doi = {10.1016/0167-2789(83)90289-0},
    issn = {0167-2789}
}

@article{Win1996RicciMetric,
    title = {{Ricci Tensor of Diagonal Metric}},
    year = {1996},
    journal = {Astronomy Department Faculty Publication Series. Paper},
    author = {Win, K Z},
    number = {February},
    pages = {8},
    volume = {12},
    url = {http://scholarworks.umass.edu/astro_faculty_pubs/12 http://arxiv.org/abs/gr-qc/9602015},
    arxivId = {gr-qc/9602015}
}

@article{Belendryasova2019ScatteringAsymptotics,
    title = {{Scattering of the {$\phi$}8 kinks with power-law asymptotics}},
    year = {2019},
    journal = {Communications in Nonlinear Science and Numerical Simulation},
    author = {Belendryasova, Ekaterina and Gani, Vakhid A.},
    month = {8},
    pages = {414--426},
    volume = {67},
    url = {http://arxiv.org/abs/1708.00403 http://dx.doi.org/10.1016/j.cnsns.2018.07.030},
    doi = {10.1016/j.cnsns.2018.07.030},
    issn = {10075704},
    arxivId = {1708.00403},
    keywords = {Kinks scattering, Long-range interaction, Resonance phenomena, Topological defect}
}

@article{Belendryasova2019ScatteringAsymptoticsb,
    title = {{Scattering of the {$\phi$}8 kinks with power-law asymptotics}},
    year = {2019},
    journal = {Communications in Nonlinear Science and Numerical Simulation},
    author = {Belendryasova, Ekaterina and Gani, Vakhid A.},
    month = {2},
    pages = {414--426},
    volume = {67},
    publisher = {Elsevier},
    url = {https://www.sciencedirect.com/science/article/pii/S1007570418302508?via%3Dihub},
    doi = {10.1016/J.CNSNS.2018.07.030},
    issn = {1007-5704}
}

@article{Benenti2016SeparabilityManifolds,
    title = {{Separability in Riemannian Manifolds}},
    year = {2016},
    journal = {Methods and Applications SIGMA},
    author = {Benenti, Sergio},
    pages = {21},
    volume = {12},
    doi = {10.3842/SIGMA.2016.013},
    arxivId = {1512.07833v2},
    keywords = {35F21, 58B21, Hamilton-Jacobi equation, Riemannian geometry, separation of variables 2010 Mathematics Subject Classification: 70H20}
}

@article{Eisenhart1934SeparableStackel,
    title = {{Separable Systems of Stackel}},
    year = {1934},
    journal = {The Annals of Mathematics},
    author = {Eisenhart, Luther Pfahler},
    number = {2},
    month = {4},
    pages = {284},
    volume = {35},
    url = {https://www.jstor.org/stable/1968433?origin=crossref},
    doi = {10.2307/1968433},
    issn = {0003486X}
}

@book{Kalnins1986SeparationCurvature,
    title = {{Separation of variables for Riemannian spaces of constant curvature}},
    year = {1986},
    author = {Kalnins, E. G.},
    pages = {172},
    publisher = {Longman Scientific {\&} Technical},
    isbn = {0582988071}
}

@inproceedings{Benenti1991SeparationEquation,
    title = {{Separation of variables in the geodesic Hamilton-Jacobi equation}},
    year = {1991},
    booktitle = {Colloque de Goometrie Symplectique et Physique Mathematique},
    author = {Benenti, S}
}

@article{Gonzalez1987SolitarySystems,
    title = {{Solitary waves in one-dimensional damped systems}},
    year = {1987},
    journal = {Physical Review B},
    author = {Gonzalez, J. A. and Hol/yst, J. A.},
    number = {7},
    month = {3},
    pages = {3643--3646},
    volume = {35},
    publisher = {American Physical Society},
    url = {https://link.aps.org/doi/10.1103/PhysRevB.35.3643},
    doi = {10.1103/PhysRevB.35.3643},
    issn = {0163-1829}
}

@article{Janjic2013SomeIdentities,
    title = {{Some Determinantal Identities}},
    year = {2013},
    journal = {ArXiV},
    author = {Janjic, Milan},
    month = {2},
    url = {http://arxiv.org/abs/1302.2504},
    arxivId = {1302.2504}
}

@article{Bogomolny1975StabilitySolutions,
    title = {{Stability of Classical Solutions}},
    year = {1975},
    journal = {Sov.J.Nucl.Phys.},
    author = {Bogomolny, E.B.},
    pages = {449},
    volume = {24},
    url = {http://inspirehep.net/record/101280?ln=en},
    keywords = {CHARGE: TOPOLOGICAL, DIMENSIONAL, FIELD EQUATIONS: DYON, FIELD EQUATIONS: MONOPOLE, FIELD EQUATIONS: VORTEX, GAUGE FIELD THEORY: O(3), GAUGE FIELD THEORY: THREE, GAUGE FIELD THEORY: TWO, GAUGE FIELD THEORY: U(1), MASS: STRING, MODEL: HIGGS, MODEL: STRING, STABILITY, STRING: MASS, field theory: scalar}
}

@book{Souriau1991SymplecticSouriau,
    title = {{Symplectic geometry and mathematical physics : actes du colloque en l'honneur de Jean-Marie Souriau}},
    year = {1991},
    author = {Souriau, J.-M. (Jean-Marie) and Donato, P. (Paul)},
    pages = {478},
    publisher = {Birkhäuser},
    isbn = {0817635815}
}

@book{vanBrunt2004TheVariations,
    title = {{The Calculus of Variations}},
    year = {2004},
    booktitle = {The Calculus of Variations},
    author = {van Brunt, Bruce},
    pages = {xiv+290},
    publisher = {Springer New York},
    doi = {10.1007/b97436}
}

@book{Hildebrandt1989TheToday,
    title = {{The calculus of variations today}},
    year = {1989},
    booktitle = {The Mathematical Intelligencer},
    author = {Hildebrandt, Stefan and Shenitzer, A.},
    number = {4},
    pages = {50--60},
    volume = {11},
    publisher = {Springer New York},
    url = {http://link.springer.com/10.1007/b97436},
    address = {New York, NY},
    isbn = {978-0-387-40247-5},
    doi = {10.1007/BF03025887},
    issn = {03436993}
}

@article{Nucci2008TheMechanics,
    title = {{The Jacobi Last Multiplier and its applications in mechanics}},
    year = {2008},
    journal = {Physica Scripta},
    author = {Nucci, M. C. and Leach, P. G.L.},
    number = {6},
    month = {12},
    volume = {78},
    doi = {10.1088/0031-8949/78/06/065011},
    issn = {00318949}
}

@book{Cordani2003TheProblem,
    title = {{The Kepler Problem}},
    year = {2003},
    booktitle = {The Kepler Problem},
    author = {Cordani, Bruno},
    publisher = {Birkh{\"{a}}user Basel},
    doi = {10.1007/978-3-0348-8051-0}
}

@article{Kostant1959TheGroup,
    title = {{The Principal Three-Dimensional Subgroup and the Betti Numbers of a Complex Simple Lie Group}},
    year = {1959},
    journal = {American Journal of Mathematics},
    author = {Kostant, Bertram},
    number = {4},
    month = {10},
    pages = {973},
    volume = {81},
    url = {https://www.jstor.org/stable/2372999?origin=crossref},
    doi = {10.2307/2372999},
    issn = {00029327}
}

@article{Boyling1995TheMetric,
    title = {{The Ricci tensor of a diagonal metric}},
    year = {1995},
    journal = {Citation: American Journal of Physics},
    author = {Boyling, J B},
    pages = {168},
    volume = {63},
    url = {https://doi.org/10.1119/1.17976},
    doi = {10.1119/1.17976}
}

@article{Tsiganov1999TheCurves,
    title = {{The st{\"{a}}ckel systems and algebraic curves}},
    year = {1999},
    journal = {Journal of Mathematical Physics},
    author = {Tsiganov, A. V.},
    number = {1},
    pages = {279--298},
    volume = {40},
    publisher = {American Institute of Physics Inc.},
    doi = {10.1063/1.532789},
    issn = {00222488}
}

@book{Horn1991TopicsAnalysis,
    title = {{Topics in Matrix Analysis}},
    year = {1991},
    booktitle = {Topics in Matrix Analysis},
    author = {Horn, Roger A. and Johnson, Charles R.},
    month = {4},
    publisher = {Cambridge University Press},
    doi = {10.1017/cbo9780511840371}
}

@book{Manton2004TopologicalSolitons,
    title = {{Topological Solitons}},
    year = {2004},
    author = {Manton, Nicholas and Sutcliffe, Paul},
    pages = {xii+493},
    publisher = {Cambridge University Press},
    url = {http://ebooks.cambridge.org/ref/id/CBO9780511617034},
    address = {Cambridge},
    isbn = {9780511617034},
    doi = {10.1017/CBO9780511617034}
}

@incollection{Moser2010VariousSystems,
    title = {{Various Aspects of Integrable Hamiltonian Systems}},
    year = {2010},
    booktitle = {Dynamical Systems},
    author = {Moser, J.},
    pages = {137--195},
    publisher = {Springer Berlin Heidelberg},
    doi = {10.1007/978-3-642-13929-1{\_}3}
}